<?xml version="1.0" encoding="UTF-8"?><collection xmlns="http://www.loc.gov/MARC21/slim"><record><leader>00425nam--2200145-i-4500</leader><controlfield tag="001">000013062</controlfield><controlfield tag="002">20161230</controlfield><controlfield tag="005">20161230201030</controlfield><controlfield tag="008">060222s1000------------r-----000-0-eng-d</controlfield><datafield ind1=" " ind2=" " tag="080"><subfield code="a">621.762:541.13:621.35</subfield></datafield><datafield ind1=" " ind2=" " tag="100"><subfield code="a">Calusaru,Aurelian</subfield></datafield><datafield ind1=" " ind2=" " tag="245"><subfield code="a">Electrodeposition of metal powders</subfield></datafield><datafield ind1=" " ind2=" " tag="260"><subfield code="a">Amsterdam,Elsevier Scientific Publishing Company,1979. 544p.+dif.Fig.</subfield></datafield><datafield ind1=" " ind2=" " tag="490"><subfield code="a">Materials Science Monographs</subfield></datafield><datafield ind1=" " ind2=" " tag="852"><subfield code="a">47132</subfield></datafield></record></collection>